1. https://link-springer-com.focus.lib.kth.se/content/pdf/10.1007%2F978-3-540-74895-3.pdf

2. http://iopscience.iop.org.focus.lib.kth.se/book/978-0-750-31040-6.pdf

3. http://windenergyfoundation.org/about-wind-energy/history/