1.
@BOOK{Cruz,
  title = {Green Energy and Thecnology},
  subtitle = {Ocean Wave Energy},
  author = {Cruz, Jo√£o},
  year = {2008}, 
  publisher = {Springer},
  volume = {ISBN 978-3-540-74894-6},
  howpublished = "\url{https://link-springer-com.focus.lib.kth.se/content/pdf/10.1007%2F978-3-540-74895-3.pdf}",
}

2. 
@BOOK{Elliott,
  title = {Renewables},
  subtitle = {A review of sustainable energy supply options 
},
  author = {Elliott, David},
  year = {2013}, 
  publisher = {IOP Publishing},
  volume = {ISBN 978-0-750-31040-6},
  howpublished = "\url{http://iopscience.iop.org.focus.lib.kth.se/book/978-0-750-31040-6.pdf}",
}

3.
@misc{WEF,
  author = {Wind Energy Foundation},
  year = {2016},
  title = {History of Wind Energy},
  howpublished = "\url{http://windenergyfoundation.org/about-wind-energy/history/}",
}

4. 
@article{IRENA,
  author = {Kempner, Ruud., Neumann, Frank} ,
  year = {2014} ,
  title = {Wave Energy Thechnology Brief},
  organisation = {IRENA - International Renewable Energy Agency},
howpublished = "\url{http://www.irena.org/documentdownloads/publications/wave-energy_v4_web.pdf}",
}

@article{,
  author = {Kempner, Ruud., Neumann, Frank} ,
  year = {2014} ,
  title = {Wave Energy Thechnology Brief},
  organisation = {IRENA - International Renewable Energy Agency},
howpublished = "\url{http://www.irena.org/documentdownloads/publications/wave-energy_v4_web.pdf}",
}

